@book{xie-15,
  title = {Dynamic Documents with {R} and knitr},
  author = {Yihui Xie},
  publisher = {Chapman and Hall/CRC},
  address = {Boca Raton, Florida},
  year = {2015},
  edition = {2nd},
  note = {ISBN 978-1498716963},
  url = {http://yihui.org/knitr/},
}

@book{zubairy-20,
  title={Quantum Mechanics for Beginners: With Applications to Quantum Communication and Quantum Computing},
  author={Zubairy, M.S.},
  isbn={9780198854227},
  lccn={2020934341},
  url={https://books.google.com.br/books?id=ZQfcDwAAQBAJ},
  year={2020},
  publisher={Oxford University Press}
}

@misc{perry-19,
  doi = {10.48550/ARXIV.1905.00282},
  url = {https://arxiv.org/abs/1905.00282},
  author = {Perry, Anastasia and Sun, Ranbel and Hughes, Ciaran and Isaacson, Joshua and Turner, Jessica},
  title = {Quantum Computing as a High School Module},
  publisher = {arXiv},
  year = {2019},
  copyright = {Creative Commons Attribution Non Commercial Share Alike 4.0 International}
}

@book{laforest-15,
  title={The mathematics of quantum mechanics},
  author={Laforest, Martin},
  url = {https://ucilnica.fri.uni-lj.si/pluginfile.php/572/course/section/6046/mathematics_qm_v21.pdf},
  year={2015}
}

@book{ekert-22,
  author = {Ekert, Artur and Hosgood, Tim},
  title = {Introduction to Quantum Information Science},
  url = {https://qubit.guide/},
  year = {2022}
}

@book{loceff-15,
  author = {Loceff, Michael},
  title = {A Course in Quantum Computing for the Community College},
  url = {https://lapastillaroja.net/wp-content/uploads/2016/09/Intro_to_QC_Vol_1_Loceff.pdf},
  year = {2015},
  copyright = {Creative Commons Attribution Non Commercial Share Alike 4.0 International}
}

@article{piqueira,
	title = {Teoria quˆantica da informa¸ca˜o: impossibilidade de c´opia, entrelac¸amento e teletransporte},
	abstract = {The idea of developing computers with dynamics obeying Quantum Mechanics laws comes from the last quarter of 20th century assuming, nowadays, a remarkable technological and scientiﬁc importance, as the use of quantum algorithms has been disseminated on implementing cryptography systems and, besides, quantum channel experiments start to become present in the literature. There are, even, conjectures about quantum behaviors in synapses and in other natural phenomena considered to be macroscopic. All these developments are based on Quantum Information Theory that, generally speaking, could be considered an extension of Classical Information Theory, due to Shannon, taking into account two peculiar aspects of quantum phenomena: the impossibility of copying a quantum state and the mutual dependence shown by two states originated in their preparation. This work is about these two points without originality intentions, presents the concept of entanglement and the proof of the non-conning theorem. Some applications, mixed with ﬁction, are presented and possible similarity with real facts is a mere coincidence.},
	language = {pt},
	author = {Piqueira, Jose Roberto Castilho},
	pages = {8},
	file = {Piqueira - Teoria quˆantica da informa¸ca˜o impossibilidade .pdf:C\:\\Users\\abbar\\Zotero\\storage\\G58CFK3F\\Piqueira - Teoria quˆantica da informa¸ca˜o impossibilidade .pdf:application/pdf},
}

@article{alves2020,
	title = {Simulating single-spin dynamics on an {IBM} five-qubit chip},
	volume = {42},
	issn = {1806-9126, 1806-1117},
	url = {http://www.scielo.br/scielo.php?script=sci_arttext&pid=S1806-11172020000100429&tlng=en},
	doi = {10.1590/1806-9126-rbef-2019-0299},
	abstract = {Received on October 22, 2019. Revised on December 24, 2019. Accepted on December 30, 2019. In this paper we show how the IBM superconducting chips can be a powerful tool for teaching foundations of quantum mechanics for undergraduate students (for graduates as well, in some cases). To this end, we brieﬂy discuss about the main elements of the IBM Quantum Experience platform necessary to understand this paper, i.e., how to implement operations and single-qubit measurements. We experimentally study the dynamics of single spin systems interacting with static and time-dependent magnetic ﬁelds. First, we study the resonant behavior of a single spin coupled to a time-dependent rotating magnetic ﬁeld. To end, we study the Larmor precession phenomenon. In both cases we show the theoretical and real experimental implementation. This article could be useful in introductory courses on quantum mechanics and nuclear magnetic resonance foundations, for example.},
	language = {en},
	urldate = {2022-08-19},
	journal = {Revista Brasileira de Ensino de Física},
	author = {Alves, Émerson M. and Gomes, Francisco D.S. and Santana, Hércules S. and Santos, Alan C.},
	year = {2020},
	pages = {e20190299},
	file = {Alves et al. - 2020 - Simulating single-spin dynamics on an IBM five-qub.pdf:C\:\\Users\\abbar\\Zotero\\storage\\HHPE7SPW\\Alves et al. - 2020 - Simulating single-spin dynamics on an IBM five-qub.pdf:application/pdf},
}

@article{rabelo2018,
	title = {Uma abordagem pedagógica no ensino da computação quântica com um processador quântico de 5-qbits},
	volume = {40},
	issn = {1806-9126, 1806-1117},
	url = {http://www.scielo.br/scielo.php?script=sci_arttext&pid=S1806-11172018000400406&lng=pt&tlng=pt},
	doi = {10.1590/1806-9126-rbef-2018-0038},
	abstract = {Our study consisted in analyzing a real quantum processor, called IBM Q experience (IBM-Q), as a pedagogical resource for the application of quantum computing concepts. This 5-qubits processor can be accessed remotely by internet using a platform developed by IBM technology company. We focused on characterizing several practical and methodological aspects of the IBM-Q. We have evaluated the main conditions for accessing this quantum processor and the interface quality regarding to simplicity and execution. In our analysis, the results of the computational projects are in agreement with the theoretical predictions. The overall results have also demonstrated the IBM-Q is an eﬀective pedagogical resource, focused on tasks such as and assembly execution of simple blocks of quantum circuits.},
	language = {pt},
	number = {4},
	urldate = {2022-08-19},
	journal = {Revista Brasileira de Ensino de Física},
	author = {Rabelo, Wilson R.M. and Costa, Maria Lúcia M.},
	month = may,
	year = {2018},
	file = {Rabelo e Costa - 2018 - Uma abordagem pedagógica no ensino da computação q.pdf:C\:\\Users\\abbar\\Zotero\\storage\\5ITGNIBE\\Rabelo e Costa - 2018 - Uma abordagem pedagógica no ensino da computação q.pdf:application/pdf},
}

@article{caldeira2018,
	title = {Feynman, dissipação e computação quântica},
	volume = {40},
	issn = {1806-1117, 1806-9126},
	url = {http://www.scielo.br/j/rbef/a/gqLHqzRTRNwJH3hHRfg5V5g/?lang=pt},
	doi = {10.1590/1806-9126-RBEF-2017-0381},
	abstract = {Resumo Neste artigo vamos procurar abordar a influência, direta ou indireta, que R. P. Feynman teve em duas áreas extremamente importantes para o desenvolvimento da física em nossos dias; a dissipação e a computação quântica. Em particular, vamos ainda descrever como estas duas linhas de pesquisa se conectam e nos ensinam como lidar com as limitações de um dos grandes desafios tecnológicos do momento; a construção de um computador quântico universal. Mais uma vez, Feynman aparece como figura central na origem da formulação de métodos e ideias que norteiam inúmeros pesquisadores que atuam nestas áreas do conhecimento.},
	language = {pt},
	urldate = {2022-08-19},
	journal = {Revista Brasileira de Ensino de Física},
	author = {Caldeira, Amir},
	month = jul,
	year = {2018},
	note = {Publisher: Sociedade Brasileira de Física},
	keywords = {computação quântica, computador quântico, dissipação quântica, Feynman},
	file = {Full Text PDF:C\:\\Users\\abbar\\Zotero\\storage\\7RLY7NS6\\Caldeira - 2018 - Feynman, dissipação e computação quântica.pdf:application/pdf},
}

@article{santos2016,
	title = {O {Computador} {Quântico} da {IBM} e o {IBM} {Quantum} {Experience}},
	volume = {39},
	issn = {1806-1117},
	url = {http://www.scielo.br/scielo.php?script=sci_arttext&pid=S1806-11172017000100401&lng=pt&tlng=pt},
	doi = {10.1590/1806-9126-rbef-2016-0155},
	abstract = {The announcement of a quantum computer that can be accessed remotely by anyone from its laptop is a big event for the quantum computation scientist. In this work we present the International Business Machines (IBM) quantum computer and its platform IBM Quantum Experience (IBM-QE) as a didactic proposal in quantum computation and information. In addition we also consider this paper as scientiﬁc divulgation of the IMB advertisement. In this paper we show the main tool (quantum gates) present in the IBM-QE and, through a simple strategy, we discuss about a possible decoherence source in the IBM 5 q-bit chips. As an example of application of our study, we show how to implement the quantum teleportation using the IBM-QE.},
	language = {pt},
	number = {1},
	urldate = {2022-08-19},
	journal = {Revista Brasileira de Ensino de Física},
	author = {Santos, Alan C.},
	month = sep,
	year = {2016},
	file = {Santos - 2016 - O Computador Quântico da IBM e o IBM Quantum Exper.pdf:C\:\\Users\\abbar\\Zotero\\storage\\WUHRFQXY\\Santos - 2016 - O Computador Quântico da IBM e o IBM Quantum Exper.pdf:application/pdf},
}

@article{jose2013,
	title = {Introdução à programação quântica},
	volume = {35},
	issn = {1806-1117, 1806-9126},
	url = {http://www.scielo.br/j/rbef/a/fXHgBXQHqmzf7kJ6CskyjYx/?lang=pt},
	doi = {10.1590/S1806-11172013000100006},
	abstract = {Este trabalho apresenta uma visão geral sobre a programação quântica, de maneira acessível a alunos de graduação em Física. Inicia-se com um breve histórico sobre a computação quântica. São tratados os modelos que servem de base para a programação quântica, seguidos de descritivo resumido sobre as principais linguagens de programação quântica. Completando a apresentação, o funcionamento de um programa quântico é discutido, contextualizando-se a importância da programação, no âmbito da computação quântica.},
	language = {pt},
	urldate = {2022-08-19},
	journal = {Revista Brasileira de Ensino de Física},
	author = {José, Marcelo Archanjo and Piqueira, José Roberto Castilho and Lopes, Roseli de Deus},
	month = mar,
	year = {2013},
	note = {Publisher: Sociedade Brasileira de Física},
	keywords = {computação quântica, programação quântica, teoria quântica da informação},
	pages = {1--9},
	file = {Full Text PDF:C\:\\Users\\abbar\\Zotero\\storage\\ED2A692L\\José et al. - 2013 - Introdução à programação quântica.pdf:application/pdf;Snapshot:C\:\\Users\\abbar\\Zotero\\storage\\GXUV8RSM\\fXHgBXQHqmzf7kJ6CskyjYx.html:text/html},
}

@article{jesus2021,
	title = {Computação quântica: uma abordagem para a graduação usando o {Qiskit}},
	volume = {43},
	issn = {1806-1117, 1806-9126},
	shorttitle = {Computação quântica},
	url = {http://www.scielo.br/j/rbef/a/qRcz9vCVfYMv4J4rDjKqLtP/?lang=pt},
	doi = {10.1590/1806-9126-RBEF-2021-0033},
	abstract = {Neste artigo, apresentamos a ferramenta Quantum Information Software Development Kit – Qiskit para o ensino de computação quântica para estudantes de graduação com conhecimento básico dos postulados da mecânica quântica. Nos concentramos na apresentação da construção dos programas em qualquer laptop ou desktop comum e a sua execução em processadores quânticos reais através do acesso remoto aos hardwares disponibilizados na plataforma IBM Quantum Experience. Os códigos são disponibilizados ao longo do texto para que os leitores, mesmo com pouca experiência em computação científica, possam reproduzi-los e adotar os métodos discutidos neste artigo para abordar seus próprios projetos de computação quântica. Os resultados apresentados estão de acordo com as previsões teóricas, mostrando a eficácia do pacote Qiskit como uma ferramenta de trabalho em sala de aula para a introdução de conceitos aplicados de computação e informação quântica.},
	language = {pt},
	urldate = {2022-08-19},
	journal = {Revista Brasileira de Ensino de Física},
	author = {Jesus, Gleydson Fernandes de and da Silva, Maria Heloísa Fraga and Dourado Netto, Teonas Gonçalves and Galvão, Lucas Queiroz and de Oliveira Souza, Frankle Gabriel and Cruz, Clebson},
	month = jun,
	year = {2021},
	note = {Publisher: Sociedade Brasileira de Física},
	keywords = {IBM, Python, Qiskit, Quantum Experience},
	file = {Full Text PDF:C\:\\Users\\abbar\\Zotero\\storage\\YD6LNEVQ\\Jesus et al. - 2021 - Computação quântica uma abordagem para a graduaçã.pdf:application/pdf;Snapshot:C\:\\Users\\abbar\\Zotero\\storage\\BYDSRMBJ\\qRcz9vCVfYMv4J4rDjKqLtP.html:text/html},
}

@article{oliveira2021,
	title = {Algoritmos quânticos com {IBMQ} {Experience}: {Algoritmo} de {Deutsch}-{Jozsa}},
	volume = {44},
	issn = {1806-1117, 1806-9126},
	shorttitle = {Algoritmos quânticos com {IBMQ} {Experience}},
	url = {http://www.scielo.br/j/rbef/a/jwThwdbMLr5M4GtgGMLk8Bn/?lang=pt},
	doi = {10.1590/1806-9126-RBEF-2021-0333},
	abstract = {Processamento de informação quântica tem sido um dos pilares da nova era da informação. Nessa direção, o controle e processamento de informação quântica desempenha um papel fundamental, e computadores capazes de manipular tais informações tem se tornado realidade. Neste artigo nós apresentamos, de forma didática, elementos básicos da versão mais recente do computador quântico da IBM e suas ferramentas. Nós ainda apresentamos em detalhes o algoritmo de Deutsch-Jozsa usado para diferenciar funções constantes de funções balanceadas, incluindo uma discussão de sua eficiência frente aos algoritmos clássicos para a mesma tarefa. A implementação experimental do algoritmo em um sistema de 4 qbits é apresentada. Nosso artigo abre caminho para uma série de investigações didáticas sobre o sistema da IBM, bem como os algoritmos quânticos mais conhecidos.},
	language = {pt},
	urldate = {2022-08-19},
	journal = {Revista Brasileira de Ensino de Física},
	author = {Oliveira, Antônio Nunes and Oliveira, Estevão V. B. de and Santos, Alan Costa and Villas-Boas, Celso Jorge},
	month = dec,
	year = {2021},
	note = {Publisher: Sociedade Brasileira de Física},
	keywords = {algoritmos quânticos, Computação quântica, empresa IBM, IBM-Q experience},
	file = {Full Text PDF:C\:\\Users\\abbar\\Zotero\\storage\\7ICW4PR2\\Oliveira et al. - 2021 - Algoritmos quânticos com IBMQ Experience Algoritm.pdf:application/pdf;Snapshot:C\:\\Users\\abbar\\Zotero\\storage\\CGCYH8VS\\jwThwdbMLr5M4GtgGMLk8Bn.html:text/html},
}

@article{alves2022,
	title = {Algoritmos {Quânticos} usando o {Qiskit}: {Uma} abordagem para o ensino de informação e computação quântica},
	volume = {44},
	issn = {1806-1117, 1806-9126},
	shorttitle = {Algoritmos {Quânticos} usando o {Qiskit}},
	url = {http://www.scielo.br/j/rbef/a/9Zb64GgmTk5gtsg6rrsF8sN/?lang=pt},
	doi = {10.1590/1806-9126-RBEF-2021-0290},
	abstract = {O presente estudo objetivou analisar os dados de simulações de dois algoritmos quânticos diferentes: Algoritmo de Deutsch e a Transformada de Fourier Quântica. Para tal abordagem foi utilizado o framework Qiskit na realização das simulações dos algoritmos anteriormente apresentados. Tais simulações se deram na máquina local (computador clássico) e nos chips quânticos da International Business Machines (IBM) via nuvem. Na máquina local, os resultados obtidos são os previstos pela teoria. Nos protótipos da IBM, no entanto, pequenas flutuações de erro puderam ser observadas. Todavia, os estados quânticos esperados foram obtidos com ótima probabilidade. Nossos resultados mostram que os computadores quânticos utilizados são robustos para os algoritmos estudados, sendo essa uma maneira bastante intuitiva para o ensino dos conceito de informação e computação quântica para o estudantes do ciclo profissional (técnico) da graduação.},
	language = {pt},
	urldate = {2022-08-19},
	journal = {Revista Brasileira de Ensino de Física},
	author = {Alves, Warley Marcos Santos and Felipe, Jean Carlos Coelho},
	month = apr,
	year = {2022},
	note = {Publisher: Sociedade Brasileira de Física},
	keywords = {Algoritmo de Deutsch, Computação Quântica, IBM Quantum Experience, Mecânica Quântica, Transformada de Fourier Quântica},
	file = {Full Text PDF:C\:\\Users\\abbar\\Zotero\\storage\\NIMGLYS4\\Alves e Felipe - 2022 - Algoritmos Quânticos usando o Qiskit Uma abordage.pdf:application/pdf;Snapshot:C\:\\Users\\abbar\\Zotero\\storage\\7XAJ4CVS\\9Zb64GgmTk5gtsg6rrsF8sN.html:text/html},
}

@article{ahsan2022,
	title = {Quantum {Circuit} {Engineering} for {Correcting} {Coherent} {Noise}},
	volume = {105},
	issn = {2469-9926, 2469-9934},
	url = {http://arxiv.org/abs/2109.03533},
	doi = {10.1103/PhysRevA.105.022428},
	abstract = {Crosstalk and several sources of operational interference are invisible when qubit or a gate is calibrated or benchmarked in isolation. These are unlocked during the execution of full quantum circuit applying entangling gates to several qubits simultaneously. Unwanted Z-Z coupling on superconducting cross-resonance CNOT gates, is a commonly occurring unitary crosstalk noise that severely limits the state ﬁdelity. This work presents (1) method of tracing unitary errors, which exploits their sensitivity to the arrangement of CNOT gates in the circuit and (2) correction scheme that modiﬁes original circuit by inserting carefully chosen compensating gates (single- or two-qubit) to possibly undo unitary errors. On two vastly diﬀerent types of IBMQ processors oﬀering quantum volume 8 and 32, our experimental results show up to 25\% reduction in the inﬁdelity of [[7, 1, 3]] code {\textbar}+ state. Our experiments aggressively deploy forced commutation of CNOT gates to obtain low noise state-preparation circuits. Encoded state initialized with fewer unitary errors marks an important step towards successful demonstration of fault-tolerant quantum computers.},
	language = {en},
	number = {2},
	urldate = {2022-08-20},
	journal = {Physical Review A},
	author = {Ahsan, Muhammad},
	month = feb,
	year = {2022},
	note = {arXiv:2109.03533 [quant-ph]},
	keywords = {Quantum Physics, Computer Science - Emerging Technologies},
	pages = {022428},
	file = {Ahsan - 2022 - Quantum Circuit Engineering for Correcting Coheren.pdf:C\:\\Users\\abbar\\Zotero\\storage\\M2NHLYRI\\Ahsan - 2022 - Quantum Circuit Engineering for Correcting Coheren.pdf:application/pdf},
}

@article{jozsa1994,
	title = {Fidelity for {Mixed} {Quantum} {States}},
	volume = {41},
	issn = {0950-0340, 1362-3044},
	url = {http://www.tandfonline.com/doi/abs/10.1080/09500349414552171},
	doi = {10.1080/09500349414552171},
	language = {en},
	number = {12},
	urldate = {2022-08-23},
	journal = {Journal of Modern Optics},
	author = {Jozsa, Richard},
	month = dec,
	year = {1994},
	pages = {2315--2323},
}

@misc{canabarro2022,
	title = {Quantum {Finance}: a tutorial on quantum computing applied to the financial market},
	shorttitle = {Quantum {Finance}},
	url = {http://arxiv.org/abs/2208.04382},
	abstract = {Previously only considered a frontier area of Physics, nowadays quantum computing is one of the fastest growing research field, precisely because of its technological applications in optimization problems, machine learning, information security and simulations. The goal of this article is to introduce the fundamentals of quantum computing, focusing on a promising quantum algorithm and its application to a financial market problem. More specifically, we discuss the portfolio optimization problem using the {\textbackslash}textit\{Quantum Approximate Optimization Algorithm\} (QAOA). We not only describe the main concepts involved but also consider simple practical examples, involving financial assets available on the Brazilian stock exchange, with codes, both classic and quantum, freely available as a Jupyter Notebook. We also analyze in details the quality of the combinatorial portfolio optimization solutions through QAOA using SENAI/CIMATEC's ATOS QLM quantum simulator.},
	urldate = {2022-08-24},
	publisher = {arXiv},
	author = {Canabarro, Askery and Mendonça, Taysa M. and Nery, Ranieri and Moreno, George and Albino, Anton S. and de Jesus, Gleydson F. and Chaves, Rafael},
	month = aug,
	year = {2022},
	note = {arXiv:2208.04382 [quant-ph, q-fin]},
	keywords = {Quantum Physics, Quantitative Finance - Computational Finance, Quantitative Finance - Portfolio Management},
	file = {arXiv Fulltext PDF:C\:\\Users\\abbar\\Zotero\\storage\\8UGNIHPR\\Canabarro et al. - 2022 - Quantum Finance a tutorial on quantum computing a.pdf:application/pdf;arXiv.org Snapshot:C\:\\Users\\abbar\\Zotero\\storage\\3ZG2MTZX\\2208.html:text/html},
}

@article{sarovar2020,
	title = {Detecting crosstalk errors in quantum information processors},
	volume = {4},
	issn = {2521-327X},
	url = {http://arxiv.org/abs/1908.09855},
	doi = {10.22331/q-2020-09-11-321},
	abstract = {Crosstalk occurs in most quantum computing systems with more than one qubit. It can cause a variety of correlated and nonlocal crosstalk errors that can be especially harmful to fault-tolerant quantum error correction, which generally relies on errors being local and relatively predictable. Mitigating crosstalk errors requires understanding, modeling, and detecting them. In this paper, we introduce a comprehensive framework for crosstalk errors and a protocol for detecting and localizing them. We give a rigorous definition of crosstalk errors that captures a wide range of disparate physical phenomena that have been called "crosstalk", and a concrete model for crosstalk-free quantum processors. Errors that violate this model are crosstalk errors. Next, we give an equivalent but purely operational (model-independent) definition of crosstalk errors. Using this definition, we construct a protocol for detecting a large class of crosstalk errors in a multi-qubit processor by finding conditional dependencies between observed experimental probabilities. It is highly efficient, in the sense that the number of unique experiments required scales at most cubically, and very often quadratically, with the number of qubits. We demonstrate the protocol using simulations of 2-qubit and 6-qubit processors.},
	urldate = {2022-08-25},
	journal = {Quantum},
	author = {Sarovar, Mohan and Proctor, Timothy and Rudinger, Kenneth and Young, Kevin and Nielsen, Erik and Blume-Kohout, Robin},
	month = sep,
	year = {2020},
	note = {arXiv:1908.09855 [quant-ph]},
	keywords = {Quantum Physics},
	pages = {321},
	file = {arXiv Fulltext PDF:C\:\\Users\\abbar\\Zotero\\storage\\4854EMZX\\Sarovar et al. - 2020 - Detecting crosstalk errors in quantum information .pdf:application/pdf;arXiv.org Snapshot:C\:\\Users\\abbar\\Zotero\\storage\\2HL8KZ5J\\1908.html:text/html},
}

@article{heya2021,
	title = {Cross-{Cross} {Resonance} {Gate}},
	volume = {2},
	issn = {2691-3399},
	url = {https://link.aps.org/doi/10.1103/PRXQuantum.2.040336},
	doi = {10.1103/PRXQuantum.2.040336},
	language = {en},
	number = {4},
	urldate = {2022-08-25},
	journal = {PRX Quantum},
	author = {Heya, Kentaro and Kanazawa, Naoki},
	month = nov,
	year = {2021},
	pages = {040336},
	file = {Texto completo:C\:\\Users\\abbar\\Zotero\\storage\\YJ4TDVPK\\Heya e Kanazawa - 2021 - Cross-Cross Resonance Gate.pdf:application/pdf},
}

@article{magesan2020,
	title = {Effective {Hamiltonian} models of the cross-resonance gate},
	volume = {101},
	issn = {2469-9926, 2469-9934},
	url = {https://link.aps.org/doi/10.1103/PhysRevA.101.052308},
	doi = {10.1103/PhysRevA.101.052308},
	language = {en},
	number = {5},
	urldate = {2022-08-25},
	journal = {Physical Review A},
	author = {Magesan, Easwar and Gambetta, Jay M.},
	month = may,
	year = {2020},
	pages = {052308},
	file = {Magesan e Gambetta - 2020 - Effective Hamiltonian models of the cross-resonanc.pdf:C\:\\Users\\abbar\\Zotero\\storage\\GQPV8FU2\\Magesan e Gambetta - 2020 - Effective Hamiltonian models of the cross-resonanc.pdf:application/pdf},
}

@article{malekakhlagh2020,
	title = {First-principles analysis of cross-resonance gate operation},
	volume = {102},
	issn = {2469-9926, 2469-9934},
	url = {https://link.aps.org/doi/10.1103/PhysRevA.102.042605},
	doi = {10.1103/PhysRevA.102.042605},
	language = {en},
	number = {4},
	urldate = {2022-08-25},
	journal = {Physical Review A},
	author = {Malekakhlagh, Moein and Magesan, Easwar and McKay, David C.},
	month = oct,
	year = {2020},
	pages = {042605},
	file = {Malekakhlagh et al. - 2020 - First-principles analysis of cross-resonance gate .pdf:C\:\\Users\\abbar\\Zotero\\storage\\FIN8J8JX\\Malekakhlagh et al. - 2020 - First-principles analysis of cross-resonance gate .pdf:application/pdf},
}

@incollection{munoz-coreas2022,
	title = {Everything {You} {Always} {Wanted} to {Know} {About} {Quantum} {Circuits}},
	url = {http://arxiv.org/abs/2208.11725},
	abstract = {In this work, we provide an overview of circuits for quantum computing. We introduce gates used in quantum computation and then present resource cost measurements used to evaluate circuits made from these gates. We then illustrate how the gates shown are then combined into quantum circuits for basic arithmetic functions. Architectures for addition, subtraction, multiplication, and division are shown. We demonstrate how to calculate the resource costs of quantum circuits. We conclude this overview with by illustrating an application of the elementary quantum circuits for the image rotation operation.},
	language = {en},
	urldate = {2022-08-26},
	author = {Muñoz-Coreas, Edgard and Thapliyal, Himanshu},
	month = aug,
	year = {2022},
	doi = {10.1002/047134608X.W8440},
	note = {arXiv:2208.11725 [quant-ph]},
	keywords = {Quantum Physics},
	pages = {1--17},
	file = {Muñoz-Coreas e Thapliyal - 2022 - Everything You Always Wanted to Know About Quantum.pdf:C\:\\Users\\abbar\\Zotero\\storage\\VW4YRNT4\\Muñoz-Coreas e Thapliyal - 2022 - Everything You Always Wanted to Know About Quantum.pdf:application/pdf},
}